{
  "leader": "02832cam a2200469 i 4500",
  "fields": [
    {
      "001": "ocm06114842\\"
    },
    {
      "003": "OCoLC"
    },
    {
      "005": "20220701164323.0"
    },
    {
      "008": "800321s1979\\\\\\\\nyu\\\\\\\\\\\\\\\\\\\\\\000\\0\\eng\\d"
    },
    {
      "010": {
        "ind1": "\\",
        "ind2": "\\",
        "subfields": [
          {
            "z": "   78011817 "
          }
        ]
      }
    },
    {
      "040": {
        "ind1": "\\",
        "ind2": "\\",
        "subfields": [
          {
            "a": "SBL"
          },
          {
            "b": "eng"
          },
          {
            "c": "SBL"
          },
          {
            "d": "IAI"
          },
          {
            "d": "OCLCQ"
          },
          {
            "d": "OCLCF"
          },
          {
            "d": "OCLCQ"
          },
          {
            "d": "OCLCO"
          },
          {
            "d": "DEBSZ"
          },
          {
            "d": "LRP"
          },
          {
            "d": "OCLCQ"
          },
          {
            "d": "NLC"
          },
          {
            "d": "BUF"
          },
          {
            "d": "OCLCQ"
          },
          {
            "d": "OCLCO"
          }
        ]
      }
    },
    {
      "015": {
        "ind1": "\\",
        "ind2": "\\",
        "subfields": [
          {
            "a": "811516687"
          },
          {
            "2": "can"
          }
        ]
      }
    },
    {
      "016": {
        "ind1": "\\",
        "ind2": "\\",
        "subfields": [
          {
            "a": "(AMICUS)000000478936"
          }
        ]
      }
    },
    {
      "019": {
        "ind1": "\\",
        "ind2": "\\",
        "subfields": [
          {
            "a": "5730641"
          },
          {
            "a": "6681113"
          },
          {
            "a": "220826373"
          }
        ]
      }
    },
    {
      "020": {
        "ind1": "\\",
        "ind2": "\\",
        "subfields": [
          {
            "a": "0379206501"
          }
        ]
      }
    },
    {
      "020": {
        "ind1": "\\",
        "ind2": "\\",
        "subfields": [
          {
            "a": "9780379206500"
          }
        ]
      }
    },
    {
      "020": {
        "ind1": "\\",
        "ind2": "\\",
        "subfields": [
          {
            "a": "9028609989"
          }
        ]
      }
    },
    {
      "020": {
        "ind1": "\\",
        "ind2": "\\",
        "subfields": [
          {
            "a": "9789028609983"
          }
        ]
      }
    },
    {
      "020": {
        "ind1": "\\",
        "ind2": "\\",
        "subfields": [
          {
            "a": "0915436930"
          }
        ]
      }
    },
    {
      "020": {
        "ind1": "\\",
        "ind2": "\\",
        "subfields": [
          {
            "a": "9780915436934"
          }
        ]
      }
    },
    {
      "020": {
        "ind1": "\\",
        "ind2": "\\",
        "subfields": [
          {
            "a": "0915436949"
          }
        ]
      }
    },
    {
      "020": {
        "ind1": "\\",
        "ind2": "\\",
        "subfields": [
          {
            "a": "9780915436941"
          }
        ]
      }
    },
    {
      "035": {
        "ind1": "\\",
        "ind2": "\\",
        "subfields": [
          {
            "a": "(OCoLC)6114842"
          },
          {
            "z": "(OCoLC)5730641"
          },
          {
            "z": "(OCoLC)6681113"
          },
          {
            "z": "(OCoLC)220826373"
          }
        ]
      }
    },
    {
      "050": {
        "ind1": "\\",
        "ind2": "4",
        "subfields": [
          {
            "a": "K3240.6"
          },
          {
            "b": ".H85 1979"
          }
        ]
      }
    },
    {
      "082": {
        "ind1": "0",
        "ind2": "4",
        "subfields": [
          {
            "a": "341.481"
          },
          {
            "b": "HUM"
          }
        ]
      }
    },
    {
      "245": {
        "ind1": "0",
        "ind2": "0",
        "subfields": [
          {
            "a": "Human dignity :"
          },
          {
            "b": "the internationalization of human rights : with selected international human rights documents : essays based on an Aspen Institute workshop /"
          },
          {
            "c": "sponsored by the Program on Justice, Society, and the Individual and the Program in International Affairs ; edited by Alice H. Henkin."
          }
        ]
      }
    },
    {
      "260": {
        "ind1": "\\",
        "ind2": "\\",
        "subfields": [
          {
            "a": "New York :"
          },
          {
            "b": "Aspen Institute for Humanistic Studies ;"
          },
          {
            "a": "Dobbs Ferry, N.Y. :"
          },
          {
            "b": "Oceana ;"
          },
          {
            "a": "Alphen aan den Rijn, Neth. :"
          },
          {
            "b": "Sijthoff & Noordhoff,"
          },
          {
            "c": "1979."
          }
        ]
      }
    },
    {
      "300": {
        "ind1": "\\",
        "ind2": "\\",
        "subfields": [
          {
            "a": "xii, 203 pages ;"
          },
          {
            "c": "23 cm"
          }
        ]
      }
    },
    {
      "336": {
        "ind1": "\\",
        "ind2": "\\",
        "subfields": [
          {
            "a": "text"
          },
          {
            "b": "txt"
          },
          {
            "2": "rdacontent"
          }
        ]
      }
    },
    {
      "337": {
        "ind1": "\\",
        "ind2": "\\",
        "subfields": [
          {
            "a": "unmediated"
          },
          {
            "b": "n"
          },
          {
            "2": "rdamedia"
          }
        ]
      }
    },
    {
      "338": {
        "ind1": "\\",
        "ind2": "\\",
        "subfields": [
          {
            "a": "volume"
          },
          {
            "b": "nc"
          },
          {
            "2": "rdacarrier"
          }
        ]
      }
    },
    {
      "505": {
        "ind1": "0",
        "ind2": "0",
        "subfields": [
          {
            "t": "Introduction: the chain reaction of human rights /"
          },
          {
            "r": "Harlan Cleveland --"
          },
          {
            "t": "The roots and origins of human rights /"
          },
          {
            "r": "Elaine Pagels --"
          },
          {
            "t": "The philosophical background of the doctrines of human rights /"
          },
          {
            "r": "Charles E. Wyzanski, Jr. --"
          },
          {
            "t": "Codification and implementation of international human rights /"
          },
          {
            "r": "Thomas Buergenthal --"
          },
          {
            "t": "Elements of a United States human rights strategy /"
          },
          {
            "r": "Abraham Sirkin --"
          },
          {
            "t": "The internationalization of internal affairs /"
          },
          {
            "r": "Harlan Cleveland --"
          },
          {
            "t": "A bedrock consensus of human rights /"
          },
          {
            "r": "Thomas W. Wilson, Jr. --"
          },
          {
            "t": "What next? /"
          },
          {
            "r": "Robert B. McKay --"
          },
          {
            "t": "List of participants --"
          },
          {
            "t": "UN Charter (Preamble, Articles 1, 55, 56) --"
          },
          {
            "t": "Universal Declaration of Human Rights --"
          },
          {
            "t": "International Covenant on Economic, Social and Cultural Rights --"
          },
          {
            "t": "International Covenant on Civil and Political Rights --"
          },
          {
            "t": "Optional protocol to the International Covenant on Civil and Political Rights --"
          },
          {
            "t": "Conference on Security and Co-operation in Europe: Final Act, Helskinki 1975."
          }
        ]
      }
    },
    {
      "650": {
        "ind1": "\\",
        "ind2": "0",
        "subfields": [
          {
            "a": "Human rights."
          }
        ]
      }
    },
    {
      "650": {
        "ind1": "\\",
        "ind2": "2",
        "subfields": [
          {
            "a": "Human Rights"
          }
        ]
      }
    },
    {
      "650": {
        "ind1": "\\",
        "ind2": "7",
        "subfields": [
          {
            "a": "Human rights."
          },
          {
            "2": "fast"
          },
          {
            "0": "(OCoLC)fst00963285"
          }
        ]
      }
    },
    {
      "700": {
        "ind1": "1",
        "ind2": "\\",
        "subfields": [
          {
            "a": "Henkin, Alice H."
          }
        ]
      }
    },
    {
      "710": {
        "ind1": "2",
        "ind2": "\\",
        "subfields": [
          {
            "a": "Aspen Institute for Humanistic Studies."
          },
          {
            "b": "Program on Justice, Society, and the Individual."
          }
        ]
      }
    },
    {
      "710": {
        "ind1": "2",
        "ind2": "\\",
        "subfields": [
          {
            "a": "Aspen Institute Program on International Affairs."
          }
        ]
      }
    },
    {
      "994": {
        "ind1": "\\",
        "ind2": "\\",
        "subfields": [
          {
            "a": "Z0"
          },
          {
            "b": "NYRVC"
          }
        ]
      }
    },
    {
      "948": {
        "ind1": "\\",
        "ind2": "\\",
        "subfields": [
          {
            "h": "NO HOLDINGS IN NYRVC - 108 OTHER HOLDINGS"
          }
        ]
      }
    },
    {
      "999": {
        "ind1": "\\",
        "ind2": "\\",
        "subfields": [
          {
            "a": "00000000016192"
          }
        ]
      }
    },
    {
      "999": {
        "ind1": "\\",
        "ind2": "\\",
        "subfields": [
          {
            "a": "00000000016196"
          }
        ]
      }
    }
  ]
}